@article{BertsimasdeRuiter2016,
title = {Duality in Two-Stage Adaptive Linear Optimization: Faster Computation and Stronger Bounds},
author = {Dimitris Bertsimas and Frans de Ruiter},
journal = {INFORMS Journal on Computing},
volume = {28},
number = {3},
pages = {500-511},
year = {2016},
doi = {10.1287/ijoc.2016.0689}
}
