@article{deRuiteretal2016-2,
author="de Ruiter, Frans J. C. T.
and Ben-Tal, Aharon
and Brekelmans, Ruud C. M.
and den Hertog, Dick",
title="Robust optimization of uncertain multistage inventory systems with inexact data in decision rules",
journal="Computational Management Science",
year="2016",
pages="1--22",
doi="10.1007/s10287-016-0253-6",
url="http://dx.doi.org/10.1007/s10287-016-0253-6",
note="advance online publication"
}
