@Article{deRuiterBrekelmansdenHertog2016,
author="de Ruiter, Frans J. C. T.
and Brekelmans, Ruud C. M.
and den Hertog, Dick",
title="The impact of the existence of multiple adjustable robust solutions",
journal="Mathematical Programming",
year="2016",
volume="160",
number="1",
pages="531--545",
}
