@article{deRuiterBiggs2015,
  title="Applications of integer programming methods to cages",
  author="de Ruiter, Frans J. C. T. and Biggs, Norman L.",
  journal="The Electronic Journal of Combinatorics",
  volume="22",
  number="4",
  pages="P4.35",
  year="2015"
}