@article{deRuiterBenTalBrekelmansdenHertog2017,
author="de Ruiter, Frans J. C. T.
and Ben-Tal, Aharon
and Brekelmans, Ruud C. M.
and den Hertog, Dick",
title="Robust optimization of uncertain multistage inventory systems with inexact data in decision rules",
journal="Computational Management Science",
year="2017",
volume="14",
number="1",
pages="45--66"
}

